[gd_resource type="Theme" load_steps=10 format=2]

[ext_resource path="res://assets/textures/background_panel.png" type="Texture" id=1]
[ext_resource path="res://assets/fonts/ArchitectsDaughter-Regular.ttf" type="DynamicFontData" id=2]

[sub_resource type="StyleBoxTexture" id=1]
texture = ExtResource( 1 )
region_rect = Rect2( 0, 0, 137, 161 )
margin_left = 16.0
margin_right = 17.0
margin_top = 16.0
margin_bottom = 20.0
modulate_color = Color( 0.596078, 0.596078, 0.596078, 1 )

[sub_resource type="StyleBoxLine" id=2]
color = Color( 0.482353, 0.0901961, 0.282353, 1 )
thickness = 3

[sub_resource type="StyleBoxTexture" id=3]
texture = ExtResource( 1 )
region_rect = Rect2( 0, 0, 137, 161 )
margin_left = 16.0
margin_right = 17.0
margin_top = 16.0
margin_bottom = 20.0
modulate_color = Color( 0.94902, 0.905882, 0.407843, 1 )

[sub_resource type="StyleBoxTexture" id=4]
texture = ExtResource( 1 )
region_rect = Rect2( 0, 0, 137, 161 )
margin_left = 16.0
margin_right = 17.0
margin_top = 16.0
margin_bottom = 20.0
modulate_color = Color( 0.941176, 0.913725, 0.6, 1 )

[sub_resource type="StyleBoxTexture" id=5]
texture = ExtResource( 1 )
region_rect = Rect2( 0, 0, 137, 161 )
margin_left = 16.0
margin_right = 17.0
margin_top = 16.0
margin_bottom = 20.0
modulate_color = Color( 0.843137, 0.454902, 0.647059, 1 )

[sub_resource type="StyleBoxTexture" id=7]
texture = ExtResource( 1 )
region_rect = Rect2( 0, 0, 137, 161 )
margin_left = 16.0
margin_right = 16.0
margin_top = 22.0
margin_bottom = 21.0
modulate_color = Color( 0.913725, 0.886275, 0.47451, 1 )

[sub_resource type="DynamicFont" id=6]
size = 18
use_mipmaps = true
use_filter = true
font_data = ExtResource( 2 )

[resource]
default_font = SubResource( 6 )
Button/colors/font_color = Color( 0, 0, 0, 1 )
Button/colors/font_color_disabled = Color( 0.9, 0.9, 0.9, 0.2 )
Button/colors/font_color_hover = Color( 0, 0, 0, 1 )
Button/colors/font_color_pressed = Color( 1, 1, 1, 1 )
Button/constants/hseparation = 2
Button/fonts/font = null
Button/styles/disabled = SubResource( 1 )
Button/styles/focus = SubResource( 2 )
Button/styles/hover = SubResource( 3 )
Button/styles/normal = SubResource( 4 )
Button/styles/pressed = SubResource( 5 )
Label/colors/font_color = Color( 0, 0, 0, 1 )
Label/colors/font_color_shadow = Color( 0, 0, 0, 0 )
Label/colors/font_outline_modulate = Color( 1, 1, 1, 1 )
Label/constants/line_spacing = 3
Label/constants/shadow_as_outline = 0
Label/constants/shadow_offset_x = 1
Label/constants/shadow_offset_y = 1
Label/fonts/font = null
Label/styles/normal = null
TooltipPanel/styles/panel = SubResource( 7 )
