[gd_scene load_steps=6 format=2]

[ext_resource path="res://IngredientItemButton.gd" type="Script" id=1]
[ext_resource path="res://assets/textures/spoon_icon.png" type="Texture" id=2]
[ext_resource path="res://assets/textures/coin_icon.png" type="Texture" id=3]
[ext_resource path="res://assets/textures/background_panel.png" type="Texture" id=5]
[ext_resource path="res://assets/textures/potion_icon.png" type="Texture" id=6]

[node name="IngredientItemButton" type="Button"]
margin_right = 180.0
margin_bottom = 260.0
rect_min_size = Vector2( 180, 260 )
script = ExtResource( 1 )
__meta__ = {
"_edit_use_anchors_": false
}

[node name="Background" type="NinePatchRect" parent="."]
modulate = Color( 0, 0, 0, 0.454902 )
show_behind_parent = true
anchor_right = 1.0
anchor_bottom = 1.0
margin_left = 7.0
margin_top = 9.0
margin_right = 8.0
margin_bottom = 7.0
texture = ExtResource( 5 )
__meta__ = {
"_edit_use_anchors_": false
}

[node name="VBoxContainer" type="VBoxContainer" parent="."]
anchor_right = 1.0
anchor_bottom = 1.0
margin_left = 10.0
margin_top = 10.0
margin_right = -10.0
margin_bottom = -10.0
custom_constants/separation = 7
__meta__ = {
"_edit_use_anchors_": false
}

[node name="TextureRect" type="TextureRect" parent="VBoxContainer"]
margin_right = 160.0
margin_bottom = 128.0
rect_min_size = Vector2( 128, 128 )
stretch_mode = 4

[node name="Title" type="Label" parent="VBoxContainer"]
margin_top = 135.0
margin_right = 160.0
margin_bottom = 195.0
rect_min_size = Vector2( 0, 60 )
text = "Shy Spider Eyes"
align = 1
valign = 1
autowrap = true
clip_text = true
uppercase = true

[node name="HBoxContainer" type="HBoxContainer" parent="VBoxContainer"]
margin_top = 202.0
margin_right = 160.0
margin_bottom = 232.0
custom_constants/separation = 10
alignment = 1
__meta__ = {
"_edit_use_anchors_": false
}

[node name="Control" type="HBoxContainer" parent="VBoxContainer/HBoxContainer"]
margin_left = 12.0
margin_right = 44.0
margin_bottom = 30.0
hint_tooltip = "Acid Level"

[node name="TextureRect" type="TextureRect" parent="VBoxContainer/HBoxContainer/Control"]
self_modulate = Color( 0.203922, 0.8, 0.117647, 1 )
margin_right = 20.0
margin_bottom = 30.0
rect_min_size = Vector2( 20, 30 )
texture = ExtResource( 6 )
expand = true
__meta__ = {
"_edit_use_anchors_": false
}

[node name="Label" type="Label" parent="VBoxContainer/HBoxContainer/Control"]
margin_left = 24.0
margin_top = 8.0
margin_right = 32.0
margin_bottom = 22.0
text = "5"
__meta__ = {
"_edit_use_anchors_": false
}

[node name="Control2" type="HBoxContainer" parent="VBoxContainer/HBoxContainer"]
margin_left = 54.0
margin_right = 96.0
margin_bottom = 30.0
hint_tooltip = "Spoonfuls"

[node name="TextureRect" type="TextureRect" parent="VBoxContainer/HBoxContainer/Control2"]
self_modulate = Color( 0.8, 0.533333, 0.117647, 1 )
margin_right = 30.0
margin_bottom = 30.0
rect_min_size = Vector2( 30, 30 )
texture = ExtResource( 2 )
expand = true
__meta__ = {
"_edit_use_anchors_": false
}

[node name="Label" type="Label" parent="VBoxContainer/HBoxContainer/Control2"]
margin_left = 34.0
margin_top = 8.0
margin_right = 42.0
margin_bottom = 22.0
text = "5"
__meta__ = {
"_edit_use_anchors_": false
}

[node name="Control3" type="HBoxContainer" parent="VBoxContainer/HBoxContainer"]
margin_left = 106.0
margin_right = 148.0
margin_bottom = 30.0
hint_tooltip = "Ingredient Price"

[node name="TextureRect" type="TextureRect" parent="VBoxContainer/HBoxContainer/Control3"]
self_modulate = Color( 1, 0.917647, 0.25098, 1 )
margin_right = 30.0
margin_bottom = 30.0
rect_min_size = Vector2( 30, 30 )
texture = ExtResource( 3 )
expand = true
__meta__ = {
"_edit_use_anchors_": false
}

[node name="Label" type="Label" parent="VBoxContainer/HBoxContainer/Control3"]
margin_left = 34.0
margin_top = 8.0
margin_right = 42.0
margin_bottom = 22.0
text = "5"
__meta__ = {
"_edit_use_anchors_": false
}
